@article {bbc-samsung-explosion,
    author = {BBC News},
    title  = {Samsung recalls Note 7 flagship over explosive batteries},
    date   = {2016-09-02},
    url    = {http://www.bbc.co.uk/news/business-37253742},
}
@misc {lipo-sleep-mode,
    author = "Battery University",
    title  = "SBU-808a: How to Awaken a Sleeping Li-ion",
    date   = {2016-03-07},
    url    = "http://batteryuniversity.com/learn/article/low_voltage_cut_off"
}
@misc {mpide,
	author = "ChipKIT",
	title  = "Windows Installation",
    date   = {2016-01},
	url    = {http://chipkit.net/started/install-chipkit-software/install-mpide-windows/},
}

@misc {pilco-website,
    title  = {PILCO Website},
    author = {Cambridge Machine Learning Group},
    url    = {http://mlg.eng.cam.ac.uk/pilco/}
}

@conference{pilco,
    title     = {PILCO: A Model-based and Data-Efficient Approach to Policy Search},
    author    = {M. P. Deisenroth and C. E. Rasmussen},
    booktitle = {International Conference on Machine Learning (ICML)},
    url       = {http://www.icml-2011.org/papers/323_icmlpaper.pdf}
    year      = 2011
}

@article{cobs,
    title     = {Consistent Overhead Byte Stuffing},
    author    = {Stuart Cheshire and Mary Baker},
    journal   = {IEEE/ACM Transactions on Networking},
    url       = {http://www.stuartcheshire.org/papers/COBSforToN.pdf},
    volume    = 7,
    issue     = 2,
    date      = {1999-04}
}

% software tools and libraries

@misc {platformio,
	author       = {PlatformIO},
	title        = {an open source ecosystem for IoT development},
	howpublished = {http://platformio.org/},
}

@misc {protobuf,
    title        = {Protocol Buffers},
    author       = {Google},
    howpublished = {http://code.google.com/apis/protocolbuffers/},
}

@misc {nanopb,
    title        = {nanopb},
    author       = {Petteri Aimonen},
    howpublished = {https://koti.kapsi.fi/jpa/nanopb/},
}

@misc {protobuf-matlab,
    title        = {Protobuf compiler for Matlab},
    author       = {FarSounder, Inc.},
    howpublished = {https://github.com/farsounder/protobuf-matlab}
}

@misc {packetserial,
    title  = {PacketSerial},
    author = {Christopher Baker},
    url    = {https://github.com/bakercp/PacketSerial/}
}

@misc {packetio,
    title  = {PacketIO},
    author = {Eric Wieser},
    url    = {https://packetio.readthedocs.io/en/latest/}
}
